<record><leader>00000cas a2200000 a 4500</leader><controlfield tag="001">37316800</controlfield><controlfield tag="008">970718d18uu1943vtuwr ne      0    0eng c</controlfield><datafield ind1=" " ind2=" " tag="010"><subfield code="a">sn 97067515 </subfield></datafield><datafield ind1=" " ind2=" " tag="040"><subfield code="a">NVN</subfield><subfield code="b">eng</subfield><subfield code="c">NVN</subfield><subfield code="d">OCL</subfield><subfield code="d">NVN</subfield><subfield code="d">OCLCQ</subfield><subfield code="d">OCLCF</subfield><subfield code="d">OCLCO</subfield></datafield><datafield ind1="1" ind2=" " tag="029"><subfield code="a">AU@</subfield><subfield code="b">000013409239</subfield></datafield><datafield ind1=" " ind2=" " tag="042"><subfield code="a">pcc</subfield></datafield><datafield ind1=" " ind2=" " tag="043"><subfield code="a">n-us-vt</subfield></datafield><datafield ind1="0" ind2=" " tag="130"><subfield code="a">Chelsea herald (Chelsea, Vt.)</subfield></datafield><datafield ind1="1" ind2="4" tag="245"><subfield code="a">The Chelsea herald.</subfield></datafield><datafield ind1=" " ind2=" " tag="260"><subfield code="a">West Randolph, Vt. :</subfield><subfield code="b">Curtis S. Emery</subfield></datafield><datafield ind1=" " ind2=" " tag="300"><subfield code="a">v.</subfield></datafield><datafield ind1=" " ind2=" " tag="310"><subfield code="a">Weekly</subfield></datafield><datafield ind1="1" ind2=" " tag="362"><subfield code="a">Ceased in Sept. 1943.</subfield></datafield><datafield ind1=" " ind2=" " tag="500"><subfield code="a">Published in Chelsea, Vt., &lt;Oct. 8, 1996-&gt;</subfield></datafield><datafield ind1=" " ind2=" " tag="588"><subfield code="a">Description based on: Vol. 20, no. 3-992 (Oct. 27, 1892).</subfield></datafield><datafield ind1=" " ind2="0" tag="651"><subfield code="a">Chelsea (Vt.)</subfield><subfield code="v">Newspapers.</subfield></datafield><datafield ind1=" " ind2="0" tag="651"><subfield code="a">Orange County (Vt.)</subfield><subfield code="v">Newspapers.</subfield></datafield><datafield ind1=" " ind2="0" tag="651"><subfield code="a">Vermont</subfield><subfield code="v">Newspapers.</subfield></datafield><datafield ind1=" " ind2="7" tag="655"><subfield code="a">Newspapers.</subfield><subfield code="2">fast</subfield><subfield code="0">(OCoLC)fst01423814</subfield></datafield><datafield ind1=" " ind2="7" tag="651"><subfield code="a">Vermont.</subfield><subfield code="2">fast</subfield><subfield code="0">(OCoLC)fst01204305</subfield></datafield><datafield ind1=" " ind2="7" tag="651"><subfield code="a">Vermont</subfield><subfield code="z">Chelsea.</subfield><subfield code="2">fast</subfield><subfield code="0">(OCoLC)fst01226821</subfield></datafield><datafield ind1=" " ind2="7" tag="651"><subfield code="a">Vermont</subfield><subfield code="z">Orange County.</subfield><subfield code="2">fast</subfield><subfield code="0">(OCoLC)fst01211985</subfield></datafield><datafield ind1=" " ind2=" " tag="752"><subfield code="a">United States</subfield><subfield code="b">Vermont</subfield><subfield code="c">Orange</subfield><subfield code="d">Randolph.</subfield></datafield><datafield ind1=" " ind2=" " tag="752"><subfield code="a">United States</subfield><subfield code="b">Vermont</subfield><subfield code="c">Orange</subfield><subfield code="d">Chelsea.</subfield></datafield><datafield ind1="0" ind2=" " tag="775"><subfield code="t">Herald and news (Randolph, vt.)</subfield><subfield code="w">(DLC)sn 86082061</subfield><subfield code="w">(OCoLC)14989027</subfield></datafield><datafield ind1="0" ind2=" " tag="775"><subfield code="t">White River herald</subfield><subfield code="w">(DLC)sn 99067812</subfield><subfield code="w">(OCoLC)40984611</subfield></datafield><datafield ind1="0" ind2=" " tag="775"><subfield code="t">Herald and courier</subfield><subfield code="w">(DLC)sn 97067513</subfield><subfield code="w">(OCoLC)37316423</subfield></datafield><datafield ind1="0" ind2=" " tag="775"><subfield code="t">Bethel courier (Bethel, Vt.)</subfield><subfield code="w">(DLC)sn 97067517</subfield><subfield code="w">(OCoLC)37317652</subfield></datafield><datafield ind1="0" ind2=" " tag="775"><subfield code="t">Green Mountain state</subfield><subfield code="w">(DLC)sn 98069125</subfield><subfield code="w">(OCoLC)40553040</subfield></datafield><datafield ind1="0" ind2=" " tag="775"><subfield code="t">Rochester herald (Rochester, Vt.)</subfield><subfield code="w">(DLC)sn 99067900</subfield><subfield code="w">(OCoLC)41927707</subfield></datafield><datafield ind1="0" ind2="0" tag="785"><subfield code="t">White River Valley herald</subfield><subfield code="w">(DLC)sn 95068667</subfield><subfield code="w">(OCoLC)23892869</subfield></datafield></record>